
@article{BBP,
    author = "David Bailey and Peter Borwein and Simon Plouffe",
    title = "On the rapid computation of various polylogarithmic constants",
    journal = "Mathematics of Computation",
    volume = "66",
    pages = "903--913",
    year = "1997",
    DOI =  "https://doi.org/10.1090/S0025-5718-97-00856-9"
}

@article{mend,
 ISSN = {00029890, 19300972},
 URL = {http://www.jstor.org/stable/2306324},
 author = {N. S. Mendelsohn},
 journal = {The American Mathematical Monthly},
 number = {8},
 pages = {563--563},
 publisher = {Mathematical Association of America},
 title = {An Application of a Famous Inequality},
 urldate = {2022-07-16},
 volume = {58},
 year = {1951}
}

@COMMENT { BibTex package created from National Library of Australia Catalogue https://catalogue.nla.gov.au  }
@Book{ rudin,
author = { Rudin, Walter, },
title = { Principles of mathematical analysis / Walter Rudin },
edition = { 3d ed. },
isbn = { 007054235 },
publisher = { McGraw-Hill New York },
pages = { x, 342 p. ; },
year = { 1976 },
type = { Book },
language = { English },
subjects = { Mathematical analysis. },
life-dates = { 1976 - 2010  },
}

